@Article{Jamil13Literature,
  author    = {Jamil, Momin and Yang, Xin-She},
  title     = {A Literature Survey of Benchmark Functions for Global Optimisation Problems},
  journal   = {International Journal of Mathematical Modelling and Numerical Optimisation},
  year      = {2013},
  volume    = {4},
  number    = {2},
  pages     = {150--194},
  doi       = {10.1504/IJMMNO.2013.055204},
  file      = {:Jamil13Literature.pdf:PDF},
  owner     = {valentjn},
  timestamp = {2018.07.05},
}
